@article{arenas2021nfa,
  title={\# NFA Admits an FPRAS: Efficient Enumeration, Counting, and Uniform Generation for Logspace Classes},
  author={Arenas, Marcelo and Croquevielle, Luis Alberto and Jayaram, Rajesh and Riveros, Cristian},
  journal={Journal of the ACM (JACM)},
  volume={68},
  number={6},
  pages={1--40},
  year={2021},
  publisher={ACM New York, NY}
}

@article{jerrum1986random,
  title={Random generation of combinatorial structures from a uniform distribution},
  author={Jerrum, Mark R and Valiant, Leslie G and Vazirani, Vijay V},
  journal={Theoretical computer science},
  volume={43},
  pages={169--188},
  year={1986},
  publisher={Elsevier}
}

@article{johnson1988generating,
  title={On generating all maximal independent sets},
  author={Johnson, David S and Yannakakis, Mihalis and Papadimitriou, Christos H},
  journal={Information Processing Letters},
  volume={27},
  number={3},
  pages={119--123},
  year={1988},
  publisher={Elsevier}
}

@inproceedings{bagan2006mso,
  title={MSO queries on tree decomposable structures are computable with linear delay},
  author={Bagan, Guillaume},
  booktitle={International Workshop on Computer Science Logic},
  pages={167--181},
  year={2006},
  organization={Springer}
}

@article{courcelle2009linear,
  title={Linear delay enumeration and monadic second-order logic},
  author={Courcelle, Bruno},
  journal={Discrete Applied Mathematics},
  volume={157},
  number={12},
  pages={2675--2700},
  year={2009},
  publisher={Elsevier}
}

@inproceedings{segoufin2013enumerating,
  title={Enumerating with constant delay the answers to a query},
  author={Segoufin, Luc},
  booktitle={Proceedings of the 16th International Conference on Database Theory},
  pages={10--20},
  year={2013}
}

@book{aho1974design,
  title={The design and analysis of computer algorithms},
  author={Aho, Alfred V and Hopcroft, John E},
  year={1974},
  publisher={Pearson Education India}
}

@article{alvarez1993very,
  title={A very hard log-space counting class},
  author={{\`A}lvarez, Carme and Jenner, Birgit},
  journal={Theoretical Computer Science},
  volume={107},
  number={1},
  pages={3--30},
  year={1993},
  publisher={Elsevier}
}

@article{provan1983complexity,
  title={The complexity of counting cuts and of computing the probability that a graph is connected},
  author={Provan, J Scott and Ball, Michael O},
  journal={SIAM Journal on Computing},
  volume={12},
  number={4},
  pages={777--788},
  year={1983},
  publisher={SIAM}
}

@inproceedings{karp1983monte,
  title={Monte-Carlo algorithms for enumeration and reliability problems},
  author={Karp, Richard M and Luby, Michael},
  booktitle={24th Annual Symposium on Foundations of Computer Science (sfcs 1983)},
  pages={56--64},
  year={1983},
  organization={IEEE Computer Society}
}

@inproceedings{kannan1995counting,
  title={Counting and random generation of strings in regular languages},
  author={Kannan, Sampath and Sweedyk, Z and Mahaney, Steve},
  booktitle={Proceedings of the sixth annual ACM-SIAM symposium on Discrete algorithms},
  pages={551--557},
  year={1995}
}

@inproceedings{arenas2012counting,
  title={Counting beyond a Yottabyte, or how SPARQL 1.1 property paths will prevent adoption of the standard},
  author={Arenas, Marcelo and Conca, Sebasti{\'a}n and P{\'e}rez, Jorge},
  booktitle={Proceedings of the 21st international conference on World Wide Web},
  pages={629--638},
  year={2012}
}

@article{hemaspaandra1995satanic,
  title={The satanic notations: counting classes beyond\# P and other definitional adventures},
  author={Hemaspaandra, Lane A and Vollmer, Heribert},
  journal={ACM SIGACT News},
  volume={26},
  number={1},
  pages={2--13},
  year={1995},
  publisher={ACM New York, NY, USA}
}

@article{losemann2013complexity,
  title={The complexity of regular expressions and property paths in SPARQL},
  author={Losemann, Katja and Martens, Wim},
  journal={ACM Transactions on Database Systems (TODS)},
  volume={38},
  number={4},
  pages={1--39},
  year={2013},
  publisher={ACM New York, NY, USA}
}

@article{valiant1976relative,
  title={Relative complexity of checking and evaluating},
  author={Valiant, Leslie G},
  journal={Information processing letters},
  volume={5},
  number={1},
  pages={20--23},
  year={1976},
  publisher={Elsevier}
}

@article{reinhardt2000making,
  title={Making nondeterminism unambiguous},
  author={Reinhardt, Klaus and Allender, Eric},
  journal={SIAM Journal on Computing},
  volume={29},
  number={4},
  pages={1118--1131},
  year={2000},
  publisher={SIAM}
}

@misc{hopcroft2001introduction,
  title={Introduction to Automata Theory, Languages, and Computation},
  author={Hopcroft, JE},
  year={2001},
  publisher={Addison-Wesley}
}

@article{schmidt2009enumeration,
  title={Enumeration: Algorithms and complexity},
  author={Schmidt, Johannes},
  journal={Preprint, available at https://www. thi. uni-hannover. de/fileadmin/forschung/arbeiten/schmidt-da. pdf},
  year={2009},
  publisher={Citeseer}
}
