@Image{img:uniqueness-of-r,
  title={Uniqueness of R},
  author={Joel David Hamkins},
  URL={https://mathoverflow.net/questions/362991/who-first-characterized-the-real-numbers-as-the-unique-complete-ordered-field},
}
