@book{abbott2015understanding,
  title     = {Understanding analysis},
  author    = {Abbott, Stephen},
  year      = {2015},
  edition   = {2nd ed.},
  publisher = {Springer}
}

@book{amann2005analysis,
  title     = {Analysis I},
  author    = {Amann, Herbert and Escher, Joachim and Brookfield, Gary},
  year      = {2005},
  publisher = {Springer}
}

@book{apostol1974mathematical,
  title     = {Mathematical analysis},
  author    = {Apostol, Tom M},
  year      = {1974},
  edition   = {2nd ed.},
  publisher = {Addison-Wesley}
}

@book{bartle2011introduction,
  title     = {Introduction to real analysis},
  author    = {Bartle, Robert G and Sherbert, Donald R},
  year      = {2011},
  edition   = {4th ed.},
  publisher = {John Wiley \& Sons, Inc.}
}

@book{chen2022classical,
  title     = {Classical Analysis: An Approach Through Problems},
  author    = {Chen, Hongwei},
  year      = {2022},
  publisher = {Chapman and Hall/CRC}
}

@book{cummings2019real,
  title     = {Real analysis: a long-form mathematics textbook},
  author    = {Cummings, Jay},
  year      = {2019},
  edition   = {2nd ed.},
  publisher = {CreateSpace Independent Publishing Platform}
}

@book{gelbaum2003counterexamples,
  title     = {Counterexamples in analysis},
  author    = {Gelbaum, Bernard R and Olmsted, John MH},
  year      = {2003},
  publisher = {Dover Publications, Inc.}
}

@book{hardy1949divergent,
  title     = {Divergent series},
  author    = {Hardy, Godfrey H},
  year      = {1949},
  publisher = {Clarendon Press}
}

% @book{munkres2000topology,
%   title     = {Topology},
%   author    = {Munkres, James},
%   year      = {2000},
%   edition   = {2nd ed.},
%   publisher = {Prentice Hail, Inc.}
% }

% @book{pugh2015real,
%   title     = {Real mathematical analysis},
%   author    = {Pugh, Charles Chapman},
%   year      = {2015},
%   edition   = {2nd ed.},
%   publisher = {Springer}
% }

% @book{rudin1976principles,
%   title     = {Principles of mathematical analysis},
%   author    = {Rudin, Walter},
%   year      = {1976},
%   edition   = {3rd ed.},
%   publisher = {McGraw-Hill, Inc.}
% }

% @book{strichartz2000way,
%   title     = {The way of analysis},
%   author    = {Strichartz, Robert S},
%   year      = {2000},
%   edition   = {Revised ed.},
%   publisher = {Jones and Bartlett Publishers, Inc.}
% }

% @book{tao2022analysis,
%   title     = {Analysis},
%   author    = {Tao, Terence},
%   volume    = {1},
%   year      = {2022},
%   edition   = {4th ed.},
%   publisher = {Springer}
% }
