@book{arora2009computational,
  title={Computational complexity: a modern approach},
  author={Arora, Sanjeev and Barak, Boaz},
  year={2009},
  publisher={Cambridge University Press}
}

@inproceedings{fortnow2011robust,
  title={Robust simulations and significant separations},
  author={Fortnow, Lance and Santhanam, Rahul},
  booktitle={International Colloquium on Automata, Languages, and Programming},
  pages={569--580},
  year={2011},
  organization={Springer}
}

@article{goldreich2008computational,
  title={Computational complexity: a conceptual perspective},
  author={Goldreich, Oded},
  year={2008},
  publisher={Cambridge University Press}
}

@article{hartmanis1965computational,
  title={On the computational complexity of algorithms},
  author={Hartmanis, Juris and Stearns, Richard E},
  journal={Transactions of the American Mathematical Society},
  volume={117},
  pages={285--306},
  year={1965},
  publisher={JSTOR}
}

@article{hartmanis1968computational,
  title={Computational complexity of one-tape Turing machine computations},
  author={Hartmanis, Juris},
  journal={Journal of the ACM (JACM)},
  volume={15},
  number={2},
  pages={325--339},
  year={1968},
  publisher={ACM New York, NY, USA}
}

@article{hennie1966two,
  title={Two-tape simulation of multitape Turing machines},
  author={Hennie, Fred C and Stearns, Richard Edwin},
  journal={Journal of the ACM (JACM)},
  volume={13},
  number={4},
  pages={533--546},
  year={1966},
  publisher={ACM New York, NY, USA}
}

@book{sipser2013introduction,
  title={Introduction to the Theory of Computation},
  author={Sipser, Michael},
  year={2013},
  publisher={Cengage Learning}
}

@article{seiferas1978separating,
  title={Separating nondeterministic time complexity classes},
  author={Seiferas, Joel I and Fischer, Michael J and Meyer, Albert R},
  journal={Journal of the ACM (JACM)},
  volume={25},
  number={1},
  pages={146--167},
  year={1978},
  publisher={ACM New York, NY, USA}
}

@article{zak1983turing,
  title={A Turing machine time hierarchy},
  author={{\v{Z}}{\'a}k, Stanislav},
  journal={Theoretical Computer Science},
  volume={26},
  number={3},
  pages={327--333},
  year={1983},
  publisher={Elsevier}
}
