@article{buchi1960weak,
  title={Weak second-order arithmetic and finite automata},
  author={B{\"u}chi, J Richard},
  journal={Mathematical Logic Quarterly},
  volume={6},
  number={1-6},
  year={1960}
}

@article{elgot1961decision,
  title={Decision problems of finite automata design and related arithmetics},
  author={Elgot, Calvin C},
  journal={Transactions of the American Mathematical Society},
  volume={98},
  number={1},
  pages={21--51},
  year={1961},
  publisher={JSTOR}
}

@book{esparza2023automata,
  title={Automata theory: An algorithmic approach},
  author={Esparza, Javier and Blondin, Michael},
  year={2023},
  publisher={MIT Press}
}

@book{shapiro1991foundations,
  title={Foundations without foundationalism: A case for second-order logic},
  author={Shapiro, Stewart},
  volume={17},
  year={1991},
  publisher={Clarendon Press}
}

@article{tarski1956concept,
  title={The concept of truth in formalized languages},
  author={Tarski, Alfred},
  year={1956}
}

@article{trakhtenbrot1962finite,
  title={Finite automata and the logic of one-place predicates},
  author={Trakhtenbrot, Boris Avraamovich},
  journal={Sibirskii Matematicheskii Zhurnal},
  volume={3},
  number={1},
  pages={103--131},
  year={1962},
  publisher={Sobolev Institute of Mathematics of the Siberian Branch of the Russian~â€¦}
}
